<?xml version="1.0" encoding="UTF-8"?><collection xmlns="http://www.loc.gov/MARC21/slim"><record><leader>00540nam--2200181-i-4500</leader><controlfield tag="001">000033762</controlfield><controlfield tag="002">20161230</controlfield><controlfield tag="005">20161230201039</controlfield><controlfield tag="008">060222s1000------------r-----000-0-fre-d</controlfield><datafield ind1=" " ind2=" " tag="040"><subfield code="a">IFIN-HH</subfield></datafield><datafield ind1=" " ind2=" " tag="041"><subfield code="a">fre</subfield></datafield><datafield ind1=" " ind2=" " tag="080"><subfield code="a">539.196(043)</subfield></datafield><datafield ind1="1" ind2=" " tag="100"><subfield code="a">Marteau, Philippe</subfield></datafield><datafield ind1="1" ind2="0" tag="245"><subfield code="a">Contribution experimentale et theorique a l`etude des spectres induits par la pression dans l`infrarouge lointain</subfield><subfield code="b">These</subfield><subfield code="c">Phillipe marteau</subfield></datafield><datafield ind1=" " ind2=" " tag="260"><subfield code="a">Paris</subfield><subfield code="b">Universite</subfield><subfield code="c">1971</subfield></datafield><datafield ind1=" " ind2=" " tag="300"><subfield code="a">101P</subfield></datafield><datafield ind1=" " ind2=" " tag="852"><subfield code="a">44128</subfield><subfield code="c">539.19</subfield></datafield><datafield ind1=" " ind2=" " tag="CAT"><subfield code="a">Sys</subfield><subfield code="c">20120716</subfield><subfield code="h">101510</subfield></datafield></record></collection>